<record><leader>00000cas a2200000 i 4500</leader><controlfield tag="001">847746389</controlfield><controlfield tag="006">m     o  d        </controlfield><controlfield tag="007">cr |||||||||||</controlfield><controlfield tag="008">130612c19099999mnuwr neo     0   a0eng  </controlfield><datafield ind1=" " ind2=" " tag="010"><subfield code="a">  2013218802</subfield></datafield><datafield ind1=" " ind2=" " tag="040"><subfield code="a">DLC</subfield><subfield code="b">eng</subfield><subfield code="e">rda</subfield><subfield code="c">DLC</subfield><subfield code="d">DLC</subfield><subfield code="d">OCLCF</subfield><subfield code="d">DLC</subfield></datafield><datafield ind1="0" ind2=" " tag="022"><subfield code="a">2329-5317</subfield><subfield code="2">1</subfield></datafield><datafield ind1=" " ind2=" " tag="042"><subfield code="a">pcc</subfield><subfield code="a">nsdp</subfield></datafield><datafield ind1=" " ind2=" " tag="043"><subfield code="a">n-us-mn</subfield></datafield><datafield ind1="1" ind2="0" tag="050"><subfield code="a">ISSN RECORD</subfield></datafield><datafield ind1="0" ind2="0" tag="082"><subfield code="a">071</subfield><subfield code="2">23</subfield></datafield><datafield ind1="0" ind2=" " tag="130"><subfield code="a">Cook County news-herald (Online)</subfield></datafield><datafield ind1=" " ind2="4" tag="222"><subfield code="a">The Cook County news-herald</subfield><subfield code="b">(Online)</subfield></datafield><datafield ind1="1" ind2="4" tag="245"><subfield code="a">The Cook County news-herald.</subfield></datafield><datafield ind1=" " ind2="1" tag="264"><subfield code="a">Grand Marais, Cook County, Minnesota. :</subfield><subfield code="b">J. A. Blackwell</subfield></datafield><datafield ind1=" " ind2=" " tag="300"><subfield code="a">1 online resource</subfield></datafield><datafield ind1=" " ind2=" " tag="310"><subfield code="a">Weekly</subfield></datafield><datafield ind1=" " ind2=" " tag="336"><subfield code="a">text</subfield><subfield code="2">rdacontent</subfield></datafield><datafield ind1=" " ind2=" " tag="337"><subfield code="a">computer</subfield><subfield code="2">rdamedia</subfield></datafield><datafield ind1=" " ind2=" " tag="338"><subfield code="a">online resource</subfield><subfield code="2">rdacarrier</subfield></datafield><datafield ind1="1" ind2=" " tag="362"><subfield code="a">Began in 1909.</subfield></datafield><datafield ind1=" " ind2=" " tag="530"><subfield code="a">Available on microfilm from the Minnesota Historical Society.</subfield></datafield><datafield ind1=" " ind2=" " tag="588"><subfield code="a">Description based on: Volume XXX, number 22 (January 5, 1922); title from masthead (Chroniclingamerica.loc.gov, viewed June 12, 2013).</subfield></datafield><datafield ind1=" " ind2=" " tag="588"><subfield code="a">Latest issue consulted: Volume XXXI, number 18 (December 28, 1922) (Chroniclingamerica.loc.gov, viewed June 12, 2013).</subfield></datafield><datafield ind1=" " ind2="0" tag="651"><subfield code="a">Grand Marais (Minn.)</subfield><subfield code="v">Newspapers.</subfield></datafield><datafield ind1=" " ind2="7" tag="651"><subfield code="a">Minnesota</subfield><subfield code="z">Grand Marais.</subfield><subfield code="2">fast</subfield><subfield code="0">(OCoLC)fst01227390</subfield></datafield><datafield ind1=" " ind2="7" tag="655"><subfield code="a">Newspapers.</subfield><subfield code="2">fast</subfield><subfield code="0">(OCoLC)fst01423814</subfield></datafield><datafield ind1=" " ind2=" " tag="752"><subfield code="a">United States</subfield><subfield code="b">Minnesota</subfield><subfield code="c">Cook</subfield><subfield code="d">Grand Marais.</subfield></datafield><datafield ind1="0" ind2="8" tag="776"><subfield code="i">Originally issued in print:</subfield><subfield code="t">Cook County news-herald</subfield><subfield code="x">2329-5309</subfield><subfield code="w">(DLC)sn 83016544</subfield><subfield code="w">(OCoLC)1565034</subfield></datafield><datafield ind1="0" ind2="4" tag="780"><subfield code="t">Cook County herald (Grand Marais, Minn. : Online)</subfield><subfield code="x">2332-7480</subfield><subfield code="w">(DLC)  2013272185</subfield><subfield code="w">(OCoLC)862977614</subfield></datafield><datafield ind1="0" ind2="4" tag="780"><subfield code="t">Grand Marais news (Online)</subfield></datafield><datafield ind1="4" ind2="0" tag="856"><subfield code="u">http://chroniclingamerica.loc.gov/lccn/sn83016544/issues</subfield></datafield><datafield ind1="1" ind2=" " tag="029"><subfield code="a">NZ1</subfield><subfield code="b">15124356</subfield></datafield></record>